<record><leader>00000cas a22000007a 4500</leader><controlfield tag="001">21369812</controlfield><controlfield tag="008">900413d18941901couwr ne      0    0eng d</controlfield><datafield ind1=" " ind2=" " tag="010"><subfield code="a">sn 90051242 </subfield></datafield><datafield ind1=" " ind2=" " tag="040"><subfield code="a">CNQ</subfield><subfield code="b">eng</subfield><subfield code="c">CNQ</subfield><subfield code="d">OCLCQ</subfield></datafield><datafield ind1=" " ind2=" " tag="042"><subfield code="a">msc</subfield></datafield><datafield ind1="0" ind2="4" tag="245"><subfield code="a">The silverite-plaindealer.</subfield></datafield><datafield ind1=" " ind2=" " tag="260"><subfield code="a">Ouray, Colo. :</subfield><subfield code="b">Humphrey &amp; Hulaniski</subfield></datafield><datafield ind1=" " ind2=" " tag="300"><subfield code="a">v.</subfield></datafield><datafield ind1=" " ind2=" " tag="310"><subfield code="a">Weekly</subfield></datafield><datafield ind1="1" ind2=" " tag="362"><subfield code="a">Began in 1894.</subfield></datafield><datafield ind1="0" ind2=" " tag="362"><subfield code="a">-v. 16, no. 21 (Jan. 4, 1901).</subfield></datafield><datafield ind1=" " ind2=" " tag="530"><subfield code="a">Available on microfilm from the Colorado Historical Society.</subfield></datafield><datafield ind1=" " ind2=" " tag="580"><subfield code="a">Daily ed: Daily plaindealer.</subfield></datafield><datafield ind1=" " ind2=" " tag="588"><subfield code="a">Description based on: Vol. 1, no. 11 (Aug. 21, 1894).</subfield></datafield><datafield ind1=" " ind2=" " tag="752"><subfield code="a">United States</subfield><subfield code="b">Colorado</subfield><subfield code="c">Ouray</subfield><subfield code="d">Ouray.</subfield></datafield><datafield ind1="1" ind2=" " tag="775"><subfield code="t">Daily plaindealer</subfield><subfield code="w">(DLC)sn 90051840</subfield></datafield><datafield ind1="0" ind2="4" tag="780"><subfield code="t">Ouray plaindealer</subfield><subfield code="w">(DLC)sn 90051841</subfield></datafield><datafield ind1="0" ind2="4" tag="780"><subfield code="t">San Juan silverite</subfield><subfield code="w">(DLC)sn 90051839</subfield></datafield><datafield ind1="0" ind2="0" tag="785"><subfield code="t">Plaindealer (Ouray, Colo. : 1901)</subfield><subfield code="w">(DLC)sn 90051247</subfield></datafield><datafield ind1="1" ind2=" " tag="029"><subfield code="a">AU@</subfield><subfield code="b">000025850825</subfield></datafield></record>